@article{CR1,
author={Bartelle, B. B. and Barandov, A. and Jasanoff, A},
title={Molecular f{MRI}},
year={2016},
journal={Journal of Neuroscience},
volume={36},
pages={4139--4148},
}

@book{Hull,
  author    = {Pavel Grinfeld},
  title     = {Introduction to Tensor Analysis and the Calculus of Moving Surfaces},
  year      = {2013},
  publisher = {Springer}
}
